@report{andreotti,
	author = {Andreotti, F. and Uboldi, D.},
	title = {Discontinuous Galerkin approximation of the monodomain problem},
	institution = {Politecnico di Milano},
	year = {2021},
}

@report{marta,
	author = {Marta, L. and Perego, M.},
	title = {Discontinuous Galerkin approximation of the bidomain system for cardiac electrophysiology},
	institution = {Politecnico di Milano},
	year = {2021},
}

@report{bagnara,
	author = {Bagnara, M.},
	title = {The Inverse Potential Problem of Electrocardiography Regularized with Optimal Control},
	institution = {Politecnico di Milano},
	year = {2020},
}


@article{acta,
	author = {Quarteroni, A. and Manzoni, A. and Vergara, C.},
	title = {The cardiovascular system: Mathematical modelling, numerical algorithms and clinical applications},
	journal = {Acta Numerica},
	year = {2017},
	pages = {365-590},
}

@article{bourgault,
	author = {Bourgault, Y. and Coudière, Y. and Pierre, C.},
	title = {Existence and uniqueness of the solution for the bidomain model used in cardiac electrophysiology},
	journal = {Nonlinear Analysis: Real World Applications},
	volume = {10},
	year = {2009},
	pages = {458-482},
}

@article{dubiner,
	author = {Dubiner, M.},
	title = {Spectral Methods on Triangles and Other Domains},
	journal = {Journal of Scientific Computing},
	volume = {6},
	year = {1991},
	pages = {345-390},
}


@article{antonietti,
	author = {Antonietti, P. F. and Houston, P.},
	title = {A Class of Domain decomposition Preconditioners for hp-Discontinuous Galerkin Finite Element Methods},
	journal = {Journal of Scientific Computing},
	volume = {46},
	year = {2011},
	pages = {124-149},
}

@article{sherwin,
	author = {Sherwin, S. J. and Karniadakis, G. E.},
	title = {A new triangular and tetrahedral basis for high-order finite element methods},
	journal = {Internation journal for numerical methods in engineering},
	volume = {38},
	year = {1995},
	pages = {3775-3802},
}

@article{spiteri,
	author = {Spiteri, R. and Torabi Ziaratgahi, S.},
	title = {Operator splitting for the bidomain model revisited},
	journal = {Journal of Computational and applied Mathematics},
	volume = {296},
	year = {2016},
	pages = {550-563},
}

@book{napde,
    author = {Quarteroni, A.},
    title = {Modellistica Numerica per Problemi Differenziali},
    year = {2016},
    publisher = {Springer-Verlag},
    address = {Milan},
}

@book{colli_franzone,
	author = {Colli Franzone, P. and Pavarino, L. F. and Scacchi, S.},
	title = {Mathematical Cardiac Electrophysiology},
	year = {2014},
	publisher = {Springer-Verlag},
	address = {Cham},
}

@article{sadleir,
    author = {Sadleir, R. and Henriquez, C.},
    title = {Estimation of Cardiac Bidomain Parameters from Extracellular Measurement: Two Dimensional Study},
    journal = {Annals of Biomedical Engineering},
    volume = {34},
    year = {2006},
    pages ={1289-1303},
}

@book{salsa,
	author = {Salsa, S.},
	title = {Equazioni a derivate parziali},
	year = {2016},
	publisher = {Springer-Verlag},
	address = {Milan},
}

@book{gazzola,
     author = {Ferrero, A. and Gazzola, F. and Zanotti, M.},
     title = {Elementi di analisi superiore per la fisica e l'ingegneria},
     year = {2015},
     publisher = {Società editrice Esculapio},
     address = {Bologna},
 }

@article{mauricio,
	author = {Anaya, V. and Bendahmane, M. and Mora, D. and Sepúlveda, M.},
	title = {A Virtual Element Method for a Nonlocal FitzHugh-Nagumo Model of
	Cardiac Electrophysiology},
	journal = {IMA Journal of Numerical Analysis},
	volume = {40},
	year = {2020},
	pages ={1544-1576},
}

@article{colli_franzone_parallel,
    author = {Colli Franzone, P. and Pavarino, L. F.},
    title = {A parallel solver for reaction-diffusion systems in computational electrocardiology},
    journal = {Mathematical Models and Methods in Applied Sciences},
    volume = {14},
    year = {2004},
    pages = {883-911},
}

@article{condition_number,
	author = {Zhu, L. and Du, Q.},
	title = {Mesh dependent stability and condition number estimates for finite element approximations of parabolic problems},
	journal = {Mathematics of Computation},
	volume = {83},
	year = {2014},
	pages = {37-64},
}


}